<?xml version="1.0" encoding="UTF-8"?><collection xmlns="http://www.loc.gov/MARC21/slim"><record><leader>00389nam--2200121-i-4500</leader><controlfield tag="001">000004891</controlfield><controlfield tag="002">20161230</controlfield><controlfield tag="005">20161230201026</controlfield><controlfield tag="008">060222s1000------------r-----000-0-eng-d</controlfield><datafield ind1=" " ind2=" " tag="245"><subfield code="a">Adaptarea cazanelor pk -10p pentru arderea gazelor de sonda. experienta centralei termo- electrice - parosani</subfield></datafield><datafield ind1=" " ind2=" " tag="260"><subfield code="a">Bucuresti, I.D.T., 1960 45 P</subfield></datafield><datafield ind1=" " ind2=" " tag="490"><subfield code="a">Din Experienta Uzinelor Noastre</subfield></datafield><datafield ind1=" " ind2=" " tag="852"><subfield code="a">6722</subfield></datafield></record></collection>